@article{Higham,
  title={The accuracy of floating point summation},
  author={Higham, Nicholas J},
  journal={SIAM Journal on Scientific Computing},
  volume={14},
  number={4},
  pages={783--799},
  year={1993},
  publisher={SIAM}
}
@article{ComparisonOfMethods,
  title={A comparison of methods for accurate summation},
  author={McNamee, John Michael},
  journal={ACM SIGSAM Bulletin},
  volume={38},
  number={1},
  pages={1--7},
  year={2004},
  publisher={ACM}
}
@article{CascadingAccumulators,
  title={On accurate floating-point summation},
  author={Malcolm, Michael A},
  journal={Communications of the ACM},
  volume={14},
  number={11},
  pages={731--736},
  year={1971},
  publisher={ACM}
}
@article{KahanBabuskaKlein,
  title={A generalized Kahan-Babu{\v{s}}ka-summation-algorithm},
  author={Klein, Andreas},
  journal={Computing},
  volume={76},
  number={3-4},
  pages={279--293},
  year={2006},
  publisher={Springer}
}
@article{WhatShouldKnowAboutFP,
  title={What every computer scientist should know about floating-point arithmetic},
  author={Goldberg, David},
  journal={ACM Computing Surveys (CSUR)},
  volume={23},
  number={1},
  pages={5--48},
  year={1991},
  publisher={ACM}
}